@article{baglietto2018,
  author    = {Baglietto, Gabriel and Vazquez, Fernando},
  title     = {Flocking dynamics with voter-like interactions},
  journal   = {Journal of Statistical Mechanics: Theory and Experiment},
  year      = {2018},
  volume    = {2018},
  number    = {3},
  pages     = {033403}
}


@article{vicsek1995,
  author    = {Vicsek, Tamás and Czirók, Anna and Ben-Jacob, Eshel and Cohen, Inon and Shochet, Ofer},
  title     = {Novel type of phase transition in a system of self-driven particles},
  journal   = {Physical Review Letters},
  year      = {1995},
  volume    = {75},
  number    = {6},
  pages     = {1226--1229}
}